%YAML 1.1
%TAG !u! tag:unity3d.com,2011:
--- !u!1 &9049932347841630185
GameObject:
  m_ObjectHideFlags: 0
  m_CorrespondingSourceObject: {fileID: 0}
  m_PrefabInstance: {fileID: 0}
  m_PrefabAsset: {fileID: 0}
  serializedVersion: 6
  m_Component:
  - component: {fileID: 9049932347841630190}
  - component: {fileID: 9049932347841630189}
  - component: {fileID: 9049932347841630188}
  - component: {fileID: 9049932347841630191}
  m_Layer: 0
  m_Name: Caja.Front
  m_TagString: Untagged
  m_Icon: {fileID: 0}
  m_NavMeshLayer: 0
  m_StaticEditorFlags: 0
  m_IsActive: 1
--- !u!4 &9049932347841630190
Transform:
  m_ObjectHideFlags: 0
  m_CorrespondingSourceObject: {fileID: 0}
  m_PrefabInstance: {fileID: 0}
  m_PrefabAsset: {fileID: 0}
  m_GameObject: {fileID: 9049932347841630185}
  m_LocalRotation: {x: 0, y: 0, z: 0, w: 1}
  m_LocalPosition: {x: 0, y: 0.0415, z: 0}
  m_LocalScale: {x: 0.128, y: 1, z: 0.153019}
  m_Children: []
  m_Father: {fileID: 9049932349211682054}
  m_RootOrder: 2
  m_LocalEulerAnglesHint: {x: 0, y: 0, z: 0}
--- !u!23 &9049932347841630189
MeshRenderer:
  m_ObjectHideFlags: 0
  m_CorrespondingSourceObject: {fileID: 0}
  m_PrefabInstance: {fileID: 0}
  m_PrefabAsset: {fileID: 0}
  m_GameObject: {fileID: 9049932347841630185}
  m_Enabled: 1
  m_CastShadows: 1
  m_ReceiveShadows: 1
  m_DynamicOccludee: 1
  m_MotionVectors: 1
  m_LightProbeUsage: 1
  m_ReflectionProbeUsage: 1
  m_RenderingLayerMask: 1
  m_RendererPriority: 0
  m_Materials:
  - {fileID: 0}
  m_StaticBatchInfo:
    firstSubMesh: 0
    subMeshCount: 0
  m_StaticBatchRoot: {fileID: 0}
  m_ProbeAnchor: {fileID: 0}
  m_LightProbeVolumeOverride: {fileID: 0}
  m_ScaleInLightmap: 1
  m_ReceiveGI: 1
  m_PreserveUVs: 0
  m_IgnoreNormalsForChartDetection: 0
  m_ImportantGI: 0
  m_StitchLightmapSeams: 1
  m_SelectedEditorRenderState: 3
  m_MinimumChartSize: 4
  m_AutoUVMaxDistance: 0.5
  m_AutoUVMaxAngle: 89
  m_LightmapParameters: {fileID: 0}
  m_SortingLayerID: 0
  m_SortingLayer: 0
  m_SortingOrder: 0
--- !u!33 &9049932347841630188
MeshFilter:
  m_ObjectHideFlags: 0
  m_CorrespondingSourceObject: {fileID: 0}
  m_PrefabInstance: {fileID: 0}
  m_PrefabAsset: {fileID: 0}
  m_GameObject: {fileID: 9049932347841630185}
  m_Mesh: {fileID: 0}
--- !u!114 &9049932347841630191
MonoBehaviour:
  m_ObjectHideFlags: 0
  m_CorrespondingSourceObject: {fileID: 0}
  m_PrefabInstance: {fileID: 0}
  m_PrefabAsset: {fileID: 0}
  m_GameObject: {fileID: 9049932347841630185}
  m_Enabled: 1
  m_EditorHideFlags: 0
  m_Script: {fileID: 1339051007, guid: bab6fa851cf5a1a4bba3cec5f191cb8e, type: 3}
  m_Name: 
  m_EditorClassIdentifier: 
  maskMaterial: {fileID: 2100000, guid: 36b1f386c1720c94889ac11ac9c8c6d1, type: 2}
--- !u!1 &9049932348000011459
GameObject:
  m_ObjectHideFlags: 0
  m_CorrespondingSourceObject: {fileID: 0}
  m_PrefabInstance: {fileID: 0}
  m_PrefabAsset: {fileID: 0}
  serializedVersion: 6
  m_Component:
  - component: {fileID: 9049932348000011456}
  - component: {fileID: 9049932348000011463}
  - component: {fileID: 9049932348000011462}
  - component: {fileID: 9049932348000011457}
  m_Layer: 0
  m_Name: Caja.Back
  m_TagString: Untagged
  m_Icon: {fileID: 0}
  m_NavMeshLayer: 0
  m_StaticEditorFlags: 0
  m_IsActive: 1
--- !u!4 &9049932348000011456
Transform:
  m_ObjectHideFlags: 0
  m_CorrespondingSourceObject: {fileID: 0}
  m_PrefabInstance: {fileID: 0}
  m_PrefabAsset: {fileID: 0}
  m_GameObject: {fileID: 9049932348000011459}
  m_LocalRotation: {x: -0, y: 0, z: -1, w: -0.00000004371139}
  m_LocalPosition: {x: 0, y: -0.0415, z: 0}
  m_LocalScale: {x: 0.128, y: 1, z: 0.153019}
  m_Children: []
  m_Father: {fileID: 9049932349211682054}
  m_RootOrder: 3
  m_LocalEulerAnglesHint: {x: 0, y: 0, z: 0}
--- !u!23 &9049932348000011463
MeshRenderer:
  m_ObjectHideFlags: 0
  m_CorrespondingSourceObject: {fileID: 0}
  m_PrefabInstance: {fileID: 0}
  m_PrefabAsset: {fileID: 0}
  m_GameObject: {fileID: 9049932348000011459}
  m_Enabled: 1
  m_CastShadows: 1
  m_ReceiveShadows: 1
  m_DynamicOccludee: 1
  m_MotionVectors: 1
  m_LightProbeUsage: 1
  m_ReflectionProbeUsage: 1
  m_RenderingLayerMask: 1
  m_RendererPriority: 0
  m_Materials:
  - {fileID: 0}
  m_StaticBatchInfo:
    firstSubMesh: 0
    subMeshCount: 0
  m_StaticBatchRoot: {fileID: 0}
  m_ProbeAnchor: {fileID: 0}
  m_LightProbeVolumeOverride: {fileID: 0}
  m_ScaleInLightmap: 1
  m_ReceiveGI: 1
  m_PreserveUVs: 0
  m_IgnoreNormalsForChartDetection: 0
  m_ImportantGI: 0
  m_StitchLightmapSeams: 1
  m_SelectedEditorRenderState: 3
  m_MinimumChartSize: 4
  m_AutoUVMaxDistance: 0.5
  m_AutoUVMaxAngle: 89
  m_LightmapParameters: {fileID: 0}
  m_SortingLayerID: 0
  m_SortingLayer: 0
  m_SortingOrder: 0
--- !u!33 &9049932348000011462
MeshFilter:
  m_ObjectHideFlags: 0
  m_CorrespondingSourceObject: {fileID: 0}
  m_PrefabInstance: {fileID: 0}
  m_PrefabAsset: {fileID: 0}
  m_GameObject: {fileID: 9049932348000011459}
  m_Mesh: {fileID: 0}
--- !u!114 &9049932348000011457
MonoBehaviour:
  m_ObjectHideFlags: 0
  m_CorrespondingSourceObject: {fileID: 0}
  m_PrefabInstance: {fileID: 0}
  m_PrefabAsset: {fileID: 0}
  m_GameObject: {fileID: 9049932348000011459}
  m_Enabled: 1
  m_EditorHideFlags: 0
  m_Script: {fileID: 1339051007, guid: bab6fa851cf5a1a4bba3cec5f191cb8e, type: 3}
  m_Name: 
  m_EditorClassIdentifier: 
  maskMaterial: {fileID: 2100000, guid: 36b1f386c1720c94889ac11ac9c8c6d1, type: 2}
--- !u!1 &9049932348120901498
GameObject:
  m_ObjectHideFlags: 0
  m_CorrespondingSourceObject: {fileID: 0}
  m_PrefabInstance: {fileID: 0}
  m_PrefabAsset: {fileID: 0}
  serializedVersion: 6
  m_Component:
  - component: {fileID: 9049932348120901499}
  - component: {fileID: 9049932348120901502}
  - component: {fileID: 9049932348120901497}
  - component: {fileID: 9049932348120901496}
  m_Layer: 0
  m_Name: Caja.Bottom
  m_TagString: Untagged
  m_Icon: {fileID: 0}
  m_NavMeshLayer: 0
  m_StaticEditorFlags: 0
  m_IsActive: 1
--- !u!4 &9049932348120901499
Transform:
  m_ObjectHideFlags: 0
  m_CorrespondingSourceObject: {fileID: 0}
  m_PrefabInstance: {fileID: 0}
  m_PrefabAsset: {fileID: 0}
  m_GameObject: {fileID: 9049932348120901498}
  m_LocalRotation: {x: -0.7071068, y: 0, z: 0, w: 0.7071068}
  m_LocalPosition: {x: 0, y: 0, z: -0.0765}
  m_LocalScale: {x: 0.128, y: 1, z: 0.083045}
  m_Children: []
  m_Father: {fileID: 9049932349211682054}
  m_RootOrder: 5
  m_LocalEulerAnglesHint: {x: 0, y: 0, z: 0}
--- !u!23 &9049932348120901502
MeshRenderer:
  m_ObjectHideFlags: 0
  m_CorrespondingSourceObject: {fileID: 0}
  m_PrefabInstance: {fileID: 0}
  m_PrefabAsset: {fileID: 0}
  m_GameObject: {fileID: 9049932348120901498}
  m_Enabled: 1
  m_CastShadows: 1
  m_ReceiveShadows: 1
  m_DynamicOccludee: 1
  m_MotionVectors: 1
  m_LightProbeUsage: 1
  m_ReflectionProbeUsage: 1
  m_RenderingLayerMask: 1
  m_RendererPriority: 0
  m_Materials:
  - {fileID: 0}
  m_StaticBatchInfo:
    firstSubMesh: 0
    subMeshCount: 0
  m_StaticBatchRoot: {fileID: 0}
  m_ProbeAnchor: {fileID: 0}
  m_LightProbeVolumeOverride: {fileID: 0}
  m_ScaleInLightmap: 1
  m_ReceiveGI: 1
  m_PreserveUVs: 0
  m_IgnoreNormalsForChartDetection: 0
  m_ImportantGI: 0
  m_StitchLightmapSeams: 1
  m_SelectedEditorRenderState: 3
  m_MinimumChartSize: 4
  m_AutoUVMaxDistance: 0.5
  m_AutoUVMaxAngle: 89
  m_LightmapParameters: {fileID: 0}
  m_SortingLayerID: 0
  m_SortingLayer: 0
  m_SortingOrder: 0
--- !u!33 &9049932348120901497
MeshFilter:
  m_ObjectHideFlags: 0
  m_CorrespondingSourceObject: {fileID: 0}
  m_PrefabInstance: {fileID: 0}
  m_PrefabAsset: {fileID: 0}
  m_GameObject: {fileID: 9049932348120901498}
  m_Mesh: {fileID: 0}
--- !u!114 &9049932348120901496
MonoBehaviour:
  m_ObjectHideFlags: 0
  m_CorrespondingSourceObject: {fileID: 0}
  m_PrefabInstance: {fileID: 0}
  m_PrefabAsset: {fileID: 0}
  m_GameObject: {fileID: 9049932348120901498}
  m_Enabled: 1
  m_EditorHideFlags: 0
  m_Script: {fileID: 1339051007, guid: bab6fa851cf5a1a4bba3cec5f191cb8e, type: 3}
  m_Name: 
  m_EditorClassIdentifier: 
  maskMaterial: {fileID: 2100000, guid: 36b1f386c1720c94889ac11ac9c8c6d1, type: 2}
--- !u!1 &9049932348847634941
GameObject:
  m_ObjectHideFlags: 0
  m_CorrespondingSourceObject: {fileID: 0}
  m_PrefabInstance: {fileID: 0}
  m_PrefabAsset: {fileID: 0}
  serializedVersion: 6
  m_Component:
  - component: {fileID: 9049932348847634882}
  - component: {fileID: 9049932348847634881}
  - component: {fileID: 9049932348847634880}
  - component: {fileID: 9049932348847634883}
  m_Layer: 0
  m_Name: Caja.Right
  m_TagString: Untagged
  m_Icon: {fileID: 0}
  m_NavMeshLayer: 0
  m_StaticEditorFlags: 0
  m_IsActive: 1
--- !u!4 &9049932348847634882
Transform:
  m_ObjectHideFlags: 0
  m_CorrespondingSourceObject: {fileID: 0}
  m_PrefabInstance: {fileID: 0}
  m_PrefabAsset: {fileID: 0}
  m_GameObject: {fileID: 9049932348847634941}
  m_LocalRotation: {x: 0, y: 0, z: -0.7071068, w: 0.7071068}
  m_LocalPosition: {x: 0.064, y: 0, z: 0}
  m_LocalScale: {x: 0.083, y: 1, z: 0.152995}
  m_Children: []
  m_Father: {fileID: 9049932349211682054}
  m_RootOrder: 1
  m_LocalEulerAnglesHint: {x: 0, y: 0, z: 0}
--- !u!23 &9049932348847634881
MeshRenderer:
  m_ObjectHideFlags: 0
  m_CorrespondingSourceObject: {fileID: 0}
  m_PrefabInstance: {fileID: 0}
  m_PrefabAsset: {fileID: 0}
  m_GameObject: {fileID: 9049932348847634941}
  m_Enabled: 1
  m_CastShadows: 1
  m_ReceiveShadows: 1
  m_DynamicOccludee: 1
  m_MotionVectors: 1
  m_LightProbeUsage: 1
  m_ReflectionProbeUsage: 1
  m_RenderingLayerMask: 1
  m_RendererPriority: 0
  m_Materials:
  - {fileID: 0}
  m_StaticBatchInfo:
    firstSubMesh: 0
    subMeshCount: 0
  m_StaticBatchRoot: {fileID: 0}
  m_ProbeAnchor: {fileID: 0}
  m_LightProbeVolumeOverride: {fileID: 0}
  m_ScaleInLightmap: 1
  m_ReceiveGI: 1
  m_PreserveUVs: 0
  m_IgnoreNormalsForChartDetection: 0
  m_ImportantGI: 0
  m_StitchLightmapSeams: 1
  m_SelectedEditorRenderState: 3
  m_MinimumChartSize: 4
  m_AutoUVMaxDistance: 0.5
  m_AutoUVMaxAngle: 89
  m_LightmapParameters: {fileID: 0}
  m_SortingLayerID: 0
  m_SortingLayer: 0
  m_SortingOrder: 0
--- !u!33 &9049932348847634880
MeshFilter:
  m_ObjectHideFlags: 0
  m_CorrespondingSourceObject: {fileID: 0}
  m_PrefabInstance: {fileID: 0}
  m_PrefabAsset: {fileID: 0}
  m_GameObject: {fileID: 9049932348847634941}
  m_Mesh: {fileID: 0}
--- !u!114 &9049932348847634883
MonoBehaviour:
  m_ObjectHideFlags: 0
  m_CorrespondingSourceObject: {fileID: 0}
  m_PrefabInstance: {fileID: 0}
  m_PrefabAsset: {fileID: 0}
  m_GameObject: {fileID: 9049932348847634941}
  m_Enabled: 1
  m_EditorHideFlags: 0
  m_Script: {fileID: 1339051007, guid: bab6fa851cf5a1a4bba3cec5f191cb8e, type: 3}
  m_Name: 
  m_EditorClassIdentifier: 
  maskMaterial: {fileID: 2100000, guid: 36b1f386c1720c94889ac11ac9c8c6d1, type: 2}
--- !u!1 &9049932349211682049
GameObject:
  m_ObjectHideFlags: 0
  m_CorrespondingSourceObject: {fileID: 0}
  m_PrefabInstance: {fileID: 0}
  m_PrefabAsset: {fileID: 0}
  serializedVersion: 6
  m_Component:
  - component: {fileID: 9049932349211682054}
  m_Layer: 0
  m_Name: ChildTargets
  m_TagString: Untagged
  m_Icon: {fileID: 0}
  m_NavMeshLayer: 0
  m_StaticEditorFlags: 0
  m_IsActive: 1
--- !u!4 &9049932349211682054
Transform:
  m_ObjectHideFlags: 0
  m_CorrespondingSourceObject: {fileID: 0}
  m_PrefabInstance: {fileID: 0}
  m_PrefabAsset: {fileID: 0}
  m_GameObject: {fileID: 9049932349211682049}
  m_LocalRotation: {x: 0, y: 0, z: 0, w: 1}
  m_LocalPosition: {x: 0, y: 0, z: 0}
  m_LocalScale: {x: 1, y: 1, z: 1}
  m_Children:
  - {fileID: 9049932349653226514}
  - {fileID: 9049932348847634882}
  - {fileID: 9049932347841630190}
  - {fileID: 9049932348000011456}
  - {fileID: 9049932349374602215}
  - {fileID: 9049932348120901499}
  m_Father: {fileID: 9049932349647404745}
  m_RootOrder: 0
  m_LocalEulerAnglesHint: {x: 0, y: 0, z: 0}
--- !u!1 &9049932349332972155
GameObject:
  m_ObjectHideFlags: 0
  m_CorrespondingSourceObject: {fileID: 0}
  m_PrefabInstance: {fileID: 0}
  m_PrefabAsset: {fileID: 0}
  serializedVersion: 6
  m_Component:
  - component: {fileID: 9049932349332972153}
  - component: {fileID: 9049932349332972152}
  m_Layer: 0
  m_Name: Directional Light
  m_TagString: Untagged
  m_Icon: {fileID: 0}
  m_NavMeshLayer: 0
  m_StaticEditorFlags: 0
  m_IsActive: 1
--- !u!4 &9049932349332972153
Transform:
  m_ObjectHideFlags: 0
  m_CorrespondingSourceObject: {fileID: 0}
  m_PrefabInstance: {fileID: 0}
  m_PrefabAsset: {fileID: 0}
  m_GameObject: {fileID: 9049932349332972155}
  m_LocalRotation: {x: 0.16938315, y: -0.8303302, z: 0.3871893, w: 0.36324322}
  m_LocalPosition: {x: 0.086, y: 0.382, z: 0.122}
  m_LocalScale: {x: 1, y: 1, z: 1}
  m_Children: []
  m_Father: {fileID: 9049932349647404745}
  m_RootOrder: 1
  m_LocalEulerAnglesHint: {x: 50.000004, y: -132.744, z: 0}
--- !u!108 &9049932349332972152
Light:
  m_ObjectHideFlags: 0
  m_CorrespondingSourceObject: {fileID: 0}
  m_PrefabInstance: {fileID: 0}
  m_PrefabAsset: {fileID: 0}
  m_GameObject: {fileID: 9049932349332972155}
  m_Enabled: 1
  serializedVersion: 9
  m_Type: 1
  m_Color: {r: 1, g: 0.95686275, b: 0.8392157, a: 1}
  m_Intensity: 1
  m_Range: 10
  m_SpotAngle: 30
  m_InnerSpotAngle: 21.80208
  m_CookieSize: 10
  m_Shadows:
    m_Type: 2
    m_Resolution: -1
    m_CustomResolution: -1
    m_Strength: 1
    m_Bias: 0.05
    m_NormalBias: 0.4
    m_NearPlane: 0.2
    m_CullingMatrixOverride:
      e00: 1
      e01: 0
      e02: 0
      e03: 0
      e10: 0
      e11: 1
      e12: 0
      e13: 0
      e20: 0
      e21: 0
      e22: 1
      e23: 0
      e30: 0
      e31: 0
      e32: 0
      e33: 1
    m_UseCullingMatrixOverride: 0
  m_Cookie: {fileID: 0}
  m_DrawHalo: 0
  m_Flare: {fileID: 0}
  m_RenderMode: 0
  m_CullingMask:
    serializedVersion: 2
    m_Bits: 4294967295
  m_RenderingLayerMask: 1
  m_Lightmapping: 1
  m_LightShadowCasterMode: 0
  m_AreaSize: {x: 1, y: 1}
  m_BounceIntensity: 1
  m_ColorTemperature: 6570
  m_UseColorTemperature: 0
  m_BoundingSphereOverride: {x: 4.853e-42, y: 1.02e-43, z: 0, w: 0}
  m_UseBoundingSphereOverride: 0
  m_ShadowRadius: 0
  m_ShadowAngle: 0
--- !u!1 &9049932349374602214
GameObject:
  m_ObjectHideFlags: 0
  m_CorrespondingSourceObject: {fileID: 0}
  m_PrefabInstance: {fileID: 0}
  m_PrefabAsset: {fileID: 0}
  serializedVersion: 6
  m_Component:
  - component: {fileID: 9049932349374602215}
  - component: {fileID: 9049932349374602218}
  - component: {fileID: 9049932349374602213}
  - component: {fileID: 9049932349374602212}
  m_Layer: 0
  m_Name: Caja.Top
  m_TagString: Untagged
  m_Icon: {fileID: 0}
  m_NavMeshLayer: 0
  m_StaticEditorFlags: 0
  m_IsActive: 1
--- !u!4 &9049932349374602215
Transform:
  m_ObjectHideFlags: 0
  m_CorrespondingSourceObject: {fileID: 0}
  m_PrefabInstance: {fileID: 0}
  m_PrefabAsset: {fileID: 0}
  m_GameObject: {fileID: 9049932349374602214}
  m_LocalRotation: {x: 0.7071068, y: 0, z: 0, w: 0.7071068}
  m_LocalPosition: {x: 0, y: 0, z: 0.0765}
  m_LocalScale: {x: 0.128, y: 1, z: 0.083045}
  m_Children: []
  m_Father: {fileID: 9049932349211682054}
  m_RootOrder: 4
  m_LocalEulerAnglesHint: {x: 0, y: 0, z: 0}
--- !u!23 &9049932349374602218
MeshRenderer:
  m_ObjectHideFlags: 0
  m_CorrespondingSourceObject: {fileID: 0}
  m_PrefabInstance: {fileID: 0}
  m_PrefabAsset: {fileID: 0}
  m_GameObject: {fileID: 9049932349374602214}
  m_Enabled: 1
  m_CastShadows: 1
  m_ReceiveShadows: 1
  m_DynamicOccludee: 1
  m_MotionVectors: 1
  m_LightProbeUsage: 1
  m_ReflectionProbeUsage: 1
  m_RenderingLayerMask: 1
  m_RendererPriority: 0
  m_Materials:
  - {fileID: 0}
  m_StaticBatchInfo:
    firstSubMesh: 0
    subMeshCount: 0
  m_StaticBatchRoot: {fileID: 0}
  m_ProbeAnchor: {fileID: 0}
  m_LightProbeVolumeOverride: {fileID: 0}
  m_ScaleInLightmap: 1
  m_ReceiveGI: 1
  m_PreserveUVs: 0
  m_IgnoreNormalsForChartDetection: 0
  m_ImportantGI: 0
  m_StitchLightmapSeams: 1
  m_SelectedEditorRenderState: 3
  m_MinimumChartSize: 4
  m_AutoUVMaxDistance: 0.5
  m_AutoUVMaxAngle: 89
  m_LightmapParameters: {fileID: 0}
  m_SortingLayerID: 0
  m_SortingLayer: 0
  m_SortingOrder: 0
--- !u!33 &9049932349374602213
MeshFilter:
  m_ObjectHideFlags: 0
  m_CorrespondingSourceObject: {fileID: 0}
  m_PrefabInstance: {fileID: 0}
  m_PrefabAsset: {fileID: 0}
  m_GameObject: {fileID: 9049932349374602214}
  m_Mesh: {fileID: 0}
--- !u!114 &9049932349374602212
MonoBehaviour:
  m_ObjectHideFlags: 0
  m_CorrespondingSourceObject: {fileID: 0}
  m_PrefabInstance: {fileID: 0}
  m_PrefabAsset: {fileID: 0}
  m_GameObject: {fileID: 9049932349374602214}
  m_Enabled: 1
  m_EditorHideFlags: 0
  m_Script: {fileID: 1339051007, guid: bab6fa851cf5a1a4bba3cec5f191cb8e, type: 3}
  m_Name: 
  m_EditorClassIdentifier: 
  maskMaterial: {fileID: 2100000, guid: 36b1f386c1720c94889ac11ac9c8c6d1, type: 2}
--- !u!1 &9049932349647404746
GameObject:
  m_ObjectHideFlags: 0
  m_CorrespondingSourceObject: {fileID: 0}
  m_PrefabInstance: {fileID: 0}
  m_PrefabAsset: {fileID: 0}
  serializedVersion: 6
  m_Component:
  - component: {fileID: 9049932349647404745}
  - component: {fileID: 9049932349647404744}
  - component: {fileID: 9049932349647404747}
  m_Layer: 0
  m_Name: Caja
  m_TagString: Untagged
  m_Icon: {fileID: 0}
  m_NavMeshLayer: 0
  m_StaticEditorFlags: 0
  m_IsActive: 1
--- !u!4 &9049932349647404745
Transform:
  m_ObjectHideFlags: 0
  m_CorrespondingSourceObject: {fileID: 0}
  m_PrefabInstance: {fileID: 0}
  m_PrefabAsset: {fileID: 0}
  m_GameObject: {fileID: 9049932349647404746}
  m_LocalRotation: {x: 0, y: 0, z: 0, w: 1}
  m_LocalPosition: {x: 0, y: 0, z: 0}
  m_LocalScale: {x: 1, y: 1, z: 1}
  m_Children:
  - {fileID: 9049932349211682054}
  - {fileID: 9049932349332972153}
  - {fileID: 4102046209136409526}
  - {fileID: 4102046209816826772}
  - {fileID: 9049932348047486815}
  - {fileID: 4102046209872147018}
  - {fileID: 6279926429413008779}
  - {fileID: 7639450637451238748}
  - {fileID: 6115766731709117476}
  - {fileID: 8730610018097653435}
  - {fileID: 4102046209435979769}
  - {fileID: 4102046210095630483}
  - {fileID: 9049932348169484492}
  m_Father: {fileID: 0}
  m_RootOrder: 0
  m_LocalEulerAnglesHint: {x: 0, y: 0, z: 0}
--- !u!114 &9049932349647404744
MonoBehaviour:
  m_ObjectHideFlags: 0
  m_CorrespondingSourceObject: {fileID: 0}
  m_PrefabInstance: {fileID: 0}
  m_PrefabAsset: {fileID: 0}
  m_GameObject: {fileID: 9049932349647404746}
  m_Enabled: 1
  m_EditorHideFlags: 0
  m_Script: {fileID: 1568443412, guid: bab6fa851cf5a1a4bba3cec5f191cb8e, type: 3}
  m_Name: 
  m_EditorClassIdentifier: 
  mTrackableName: Caja
  mPreserveChildSize: 0
  mInitializedInEditor: 1
  mDataSetPath: Vuforia/JoyConAR.xml
--- !u!114 &9049932349647404747
MonoBehaviour:
  m_ObjectHideFlags: 0
  m_CorrespondingSourceObject: {fileID: 0}
  m_PrefabInstance: {fileID: 0}
  m_PrefabAsset: {fileID: 0}
  m_GameObject: {fileID: 9049932349647404746}
  m_Enabled: 1
  m_EditorHideFlags: 0
  m_Script: {fileID: 11500000, guid: 46d308d25a754704da779f3a20b4f43a, type: 3}
  m_Name: 
  m_EditorClassIdentifier: 
  OnFoundEvent:
    m_PersistentCalls:
      m_Calls:
      - m_Target: {fileID: 9049932348169484493}
        m_MethodName: Play
        m_Mode: 1
        m_Arguments:
          m_ObjectArgument: {fileID: 0}
          m_ObjectArgumentAssemblyTypeName: UnityEngine.Object, UnityEngine
          m_IntArgument: 0
          m_FloatArgument: 0
          m_StringArgument: 
          m_BoolArgument: 0
        m_CallState: 2
    m_TypeName: UnityEngine.Events.UnityEvent, UnityEngine.CoreModule, Version=0.0.0.0,
      Culture=neutral, PublicKeyToken=null
  OnLostEvent:
    m_PersistentCalls:
      m_Calls:
      - m_Target: {fileID: 9049932348169484493}
        m_MethodName: Pause
        m_Mode: 1
        m_Arguments:
          m_ObjectArgument: {fileID: 0}
          m_ObjectArgumentAssemblyTypeName: UnityEngine.Object, UnityEngine
          m_IntArgument: 0
          m_FloatArgument: 0
          m_StringArgument: 
          m_BoolArgument: 0
        m_CallState: 2
    m_TypeName: UnityEngine.Events.UnityEvent, UnityEngine.CoreModule, Version=0.0.0.0,
      Culture=neutral, PublicKeyToken=null
--- !u!1 &9049932349653226509
GameObject:
  m_ObjectHideFlags: 0
  m_CorrespondingSourceObject: {fileID: 0}
  m_PrefabInstance: {fileID: 0}
  m_PrefabAsset: {fileID: 0}
  serializedVersion: 6
  m_Component:
  - component: {fileID: 9049932349653226514}
  - component: {fileID: 9049932349653226513}
  - component: {fileID: 9049932349653226512}
  - component: {fileID: 9049932349653226515}
  m_Layer: 0
  m_Name: Caja.Left
  m_TagString: Untagged
  m_Icon: {fileID: 0}
  m_NavMeshLayer: 0
  m_StaticEditorFlags: 0
  m_IsActive: 1
--- !u!4 &9049932349653226514
Transform:
  m_ObjectHideFlags: 0
  m_CorrespondingSourceObject: {fileID: 0}
  m_PrefabInstance: {fileID: 0}
  m_PrefabAsset: {fileID: 0}
  m_GameObject: {fileID: 9049932349653226509}
  m_LocalRotation: {x: 0, y: 0, z: 0.7071068, w: 0.7071068}
  m_LocalPosition: {x: -0.064, y: 0, z: 0}
  m_LocalScale: {x: 0.083, y: 1, z: 0.152995}
  m_Children: []
  m_Father: {fileID: 9049932349211682054}
  m_RootOrder: 0
  m_LocalEulerAnglesHint: {x: 0, y: 0, z: 0}
--- !u!23 &9049932349653226513
MeshRenderer:
  m_ObjectHideFlags: 0
  m_CorrespondingSourceObject: {fileID: 0}
  m_PrefabInstance: {fileID: 0}
  m_PrefabAsset: {fileID: 0}
  m_GameObject: {fileID: 9049932349653226509}
  m_Enabled: 1
  m_CastShadows: 1
  m_ReceiveShadows: 1
  m_DynamicOccludee: 1
  m_MotionVectors: 1
  m_LightProbeUsage: 1
  m_ReflectionProbeUsage: 1
  m_RenderingLayerMask: 1
  m_RendererPriority: 0
  m_Materials:
  - {fileID: 0}
  m_StaticBatchInfo:
    firstSubMesh: 0
    subMeshCount: 0
  m_StaticBatchRoot: {fileID: 0}
  m_ProbeAnchor: {fileID: 0}
  m_LightProbeVolumeOverride: {fileID: 0}
  m_ScaleInLightmap: 1
  m_ReceiveGI: 1
  m_PreserveUVs: 0
  m_IgnoreNormalsForChartDetection: 0
  m_ImportantGI: 0
  m_StitchLightmapSeams: 1
  m_SelectedEditorRenderState: 3
  m_MinimumChartSize: 4
  m_AutoUVMaxDistance: 0.5
  m_AutoUVMaxAngle: 89
  m_LightmapParameters: {fileID: 0}
  m_SortingLayerID: 0
  m_SortingLayer: 0
  m_SortingOrder: 0
--- !u!33 &9049932349653226512
MeshFilter:
  m_ObjectHideFlags: 0
  m_CorrespondingSourceObject: {fileID: 0}
  m_PrefabInstance: {fileID: 0}
  m_PrefabAsset: {fileID: 0}
  m_GameObject: {fileID: 9049932349653226509}
  m_Mesh: {fileID: 0}
--- !u!114 &9049932349653226515
MonoBehaviour:
  m_ObjectHideFlags: 0
  m_CorrespondingSourceObject: {fileID: 0}
  m_PrefabInstance: {fileID: 0}
  m_PrefabAsset: {fileID: 0}
  m_GameObject: {fileID: 9049932349653226509}
  m_Enabled: 1
  m_EditorHideFlags: 0
  m_Script: {fileID: 1339051007, guid: bab6fa851cf5a1a4bba3cec5f191cb8e, type: 3}
  m_Name: 
  m_EditorClassIdentifier: 
  maskMaterial: {fileID: 2100000, guid: 36b1f386c1720c94889ac11ac9c8c6d1, type: 2}
--- !u!1001 &2892992327517365114
PrefabInstance:
  m_ObjectHideFlags: 0
  serializedVersion: 2
  m_Modification:
    m_TransformParent: {fileID: 9049932349647404745}
    m_Modifications:
    - target: {fileID: 2779782694788539171, guid: be25c5fa3ff742645bf9cabe6b03c402,
        type: 3}
      propertyPath: m_Name
      value: Warp Pipe
      objectReference: {fileID: 0}
    - target: {fileID: 1209388551577325872, guid: be25c5fa3ff742645bf9cabe6b03c402,
        type: 3}
      propertyPath: m_LocalPosition.x
      value: 0
      objectReference: {fileID: 0}
    - target: {fileID: 1209388551577325872, guid: be25c5fa3ff742645bf9cabe6b03c402,
        type: 3}
      propertyPath: m_LocalPosition.y
      value: 0
      objectReference: {fileID: 0}
    - target: {fileID: 1209388551577325872, guid: be25c5fa3ff742645bf9cabe6b03c402,
        type: 3}
      propertyPath: m_LocalPosition.z
      value: 0.0919
      objectReference: {fileID: 0}
    - target: {fileID: 1209388551577325872, guid: be25c5fa3ff742645bf9cabe6b03c402,
        type: 3}
      propertyPath: m_LocalRotation.x
      value: 0.7071068
      objectReference: {fileID: 0}
    - target: {fileID: 1209388551577325872, guid: be25c5fa3ff742645bf9cabe6b03c402,
        type: 3}
      propertyPath: m_LocalRotation.y
      value: 0
      objectReference: {fileID: 0}
    - target: {fileID: 1209388551577325872, guid: be25c5fa3ff742645bf9cabe6b03c402,
        type: 3}
      propertyPath: m_LocalRotation.z
      value: 0
      objectReference: {fileID: 0}
    - target: {fileID: 1209388551577325872, guid: be25c5fa3ff742645bf9cabe6b03c402,
        type: 3}
      propertyPath: m_LocalRotation.w
      value: 0.7071068
      objectReference: {fileID: 0}
    - target: {fileID: 1209388551577325872, guid: be25c5fa3ff742645bf9cabe6b03c402,
        type: 3}
      propertyPath: m_RootOrder
      value: 5
      objectReference: {fileID: 0}
    - target: {fileID: 1209388551577325872, guid: be25c5fa3ff742645bf9cabe6b03c402,
        type: 3}
      propertyPath: m_LocalEulerAnglesHint.x
      value: 90
      objectReference: {fileID: 0}
    - target: {fileID: 1209388551577325872, guid: be25c5fa3ff742645bf9cabe6b03c402,
        type: 3}
      propertyPath: m_LocalEulerAnglesHint.y
      value: 0
      objectReference: {fileID: 0}
    - target: {fileID: 1209388551577325872, guid: be25c5fa3ff742645bf9cabe6b03c402,
        type: 3}
      propertyPath: m_LocalEulerAnglesHint.z
      value: 0
      objectReference: {fileID: 0}
    m_RemovedComponents: []
  m_SourcePrefab: {fileID: 100100000, guid: be25c5fa3ff742645bf9cabe6b03c402, type: 3}
--- !u!4 &4102046209872147018 stripped
Transform:
  m_CorrespondingSourceObject: {fileID: 1209388551577325872, guid: be25c5fa3ff742645bf9cabe6b03c402,
    type: 3}
  m_PrefabInstance: {fileID: 2892992327517365114}
  m_PrefabAsset: {fileID: 0}
--- !u!1001 &3122118228504505604
PrefabInstance:
  m_ObjectHideFlags: 0
  serializedVersion: 2
  m_Modification:
    m_TransformParent: {fileID: 9049932349647404745}
    m_Modifications:
    - target: {fileID: 2730801433444000929, guid: 75ca16dd498c2c247a24e088d46abe78,
        type: 3}
      propertyPath: m_Name
      value: MarioCapThrow
      objectReference: {fileID: 0}
    - target: {fileID: 1422742446711264946, guid: 75ca16dd498c2c247a24e088d46abe78,
        type: 3}
      propertyPath: m_LocalPosition.x
      value: -0.0357
      objectReference: {fileID: 0}
    - target: {fileID: 1422742446711264946, guid: 75ca16dd498c2c247a24e088d46abe78,
        type: 3}
      propertyPath: m_LocalPosition.y
      value: 0.0032
      objectReference: {fileID: 0}
    - target: {fileID: 1422742446711264946, guid: 75ca16dd498c2c247a24e088d46abe78,
        type: 3}
      propertyPath: m_LocalPosition.z
      value: -0.0828
      objectReference: {fileID: 0}
    - target: {fileID: 1422742446711264946, guid: 75ca16dd498c2c247a24e088d46abe78,
        type: 3}
      propertyPath: m_LocalRotation.x
      value: -0.73624957
      objectReference: {fileID: 0}
    - target: {fileID: 1422742446711264946, guid: 75ca16dd498c2c247a24e088d46abe78,
        type: 3}
      propertyPath: m_LocalRotation.y
      value: 0.11461498
      objectReference: {fileID: 0}
    - target: {fileID: 1422742446711264946, guid: 75ca16dd498c2c247a24e088d46abe78,
        type: 3}
      propertyPath: m_LocalRotation.z
      value: -0.102588594
      objectReference: {fileID: 0}
    - target: {fileID: 1422742446711264946, guid: 75ca16dd498c2c247a24e088d46abe78,
        type: 3}
      propertyPath: m_LocalRotation.w
      value: 0.6589959
      objectReference: {fileID: 0}
    - target: {fileID: 1422742446711264946, guid: 75ca16dd498c2c247a24e088d46abe78,
        type: 3}
      propertyPath: m_RootOrder
      value: 2
      objectReference: {fileID: 0}
    - target: {fileID: 1422742446711264946, guid: 75ca16dd498c2c247a24e088d46abe78,
        type: 3}
      propertyPath: m_LocalEulerAnglesHint.x
      value: -71.23701
      objectReference: {fileID: 0}
    - target: {fileID: 1422742446711264946, guid: 75ca16dd498c2c247a24e088d46abe78,
        type: 3}
      propertyPath: m_LocalEulerAnglesHint.y
      value: 110.073006
      objectReference: {fileID: 0}
    - target: {fileID: 1422742446711264946, guid: 75ca16dd498c2c247a24e088d46abe78,
        type: 3}
      propertyPath: m_LocalEulerAnglesHint.z
      value: -109.08501
      objectReference: {fileID: 0}
    m_RemovedComponents: []
  m_SourcePrefab: {fileID: 100100000, guid: 75ca16dd498c2c247a24e088d46abe78, type: 3}
--- !u!4 &4102046209136409526 stripped
Transform:
  m_CorrespondingSourceObject: {fileID: 1422742446711264946, guid: 75ca16dd498c2c247a24e088d46abe78,
    type: 3}
  m_PrefabInstance: {fileID: 3122118228504505604}
  m_PrefabAsset: {fileID: 0}
--- !u!1001 &3927141805937616507
PrefabInstance:
  m_ObjectHideFlags: 0
  serializedVersion: 2
  m_Modification:
    m_TransformParent: {fileID: 9049932349647404745}
    m_Modifications:
    - target: {fileID: 6054185909539430476, guid: 72d165f993ce3364385a2ce096e8d72e,
        type: 3}
      propertyPath: m_Name
      value: Goomba
      objectReference: {fileID: 0}
    - target: {fileID: 7088546907073745503, guid: 72d165f993ce3364385a2ce096e8d72e,
        type: 3}
      propertyPath: m_LocalPosition.x
      value: 0.0306
      objectReference: {fileID: 0}
    - target: {fileID: 7088546907073745503, guid: 72d165f993ce3364385a2ce096e8d72e,
        type: 3}
      propertyPath: m_LocalPosition.y
      value: 0.042
      objectReference: {fileID: 0}
    - target: {fileID: 7088546907073745503, guid: 72d165f993ce3364385a2ce096e8d72e,
        type: 3}
      propertyPath: m_LocalPosition.z
      value: -0.032
      objectReference: {fileID: 0}
    - target: {fileID: 7088546907073745503, guid: 72d165f993ce3364385a2ce096e8d72e,
        type: 3}
      propertyPath: m_LocalRotation.x
      value: -0
      objectReference: {fileID: 0}
    - target: {fileID: 7088546907073745503, guid: 72d165f993ce3364385a2ce096e8d72e,
        type: 3}
      propertyPath: m_LocalRotation.y
      value: -0.30807272
      objectReference: {fileID: 0}
    - target: {fileID: 7088546907073745503, guid: 72d165f993ce3364385a2ce096e8d72e,
        type: 3}
      propertyPath: m_LocalRotation.z
      value: -0
      objectReference: {fileID: 0}
    - target: {fileID: 7088546907073745503, guid: 72d165f993ce3364385a2ce096e8d72e,
        type: 3}
      propertyPath: m_LocalRotation.w
      value: 0.95136285
      objectReference: {fileID: 0}
    - target: {fileID: 7088546907073745503, guid: 72d165f993ce3364385a2ce096e8d72e,
        type: 3}
      propertyPath: m_RootOrder
      value: 8
      objectReference: {fileID: 0}
    - target: {fileID: 7088546907073745503, guid: 72d165f993ce3364385a2ce096e8d72e,
        type: 3}
      propertyPath: m_LocalEulerAnglesHint.x
      value: 0
      objectReference: {fileID: 0}
    - target: {fileID: 7088546907073745503, guid: 72d165f993ce3364385a2ce096e8d72e,
        type: 3}
      propertyPath: m_LocalEulerAnglesHint.y
      value: -35.886
      objectReference: {fileID: 0}
    - target: {fileID: 7088546907073745503, guid: 72d165f993ce3364385a2ce096e8d72e,
        type: 3}
      propertyPath: m_LocalEulerAnglesHint.z
      value: 0
      objectReference: {fileID: 0}
    m_RemovedComponents: []
  m_SourcePrefab: {fileID: 100100000, guid: 72d165f993ce3364385a2ce096e8d72e, type: 3}
--- !u!4 &6115766731709117476 stripped
Transform:
  m_CorrespondingSourceObject: {fileID: 7088546907073745503, guid: 72d165f993ce3364385a2ce096e8d72e,
    type: 3}
  m_PrefabInstance: {fileID: 3927141805937616507}
  m_PrefabAsset: {fileID: 0}
--- !u!1001 &5162706473760966626
PrefabInstance:
  m_ObjectHideFlags: 0
  serializedVersion: 2
  m_Modification:
    m_TransformParent: {fileID: 9049932349647404745}
    m_Modifications:
    - target: {fileID: 5265731320249350664, guid: 108d2c62915e2424c8122ed398221164,
        type: 3}
      propertyPath: m_Name
      value: Cappy
      objectReference: {fileID: 0}
    - target: {fileID: 9171857050027329563, guid: 108d2c62915e2424c8122ed398221164,
        type: 3}
      propertyPath: m_LocalPosition.x
      value: -0.12
      objectReference: {fileID: 0}
    - target: {fileID: 9171857050027329563, guid: 108d2c62915e2424c8122ed398221164,
        type: 3}
      propertyPath: m_LocalPosition.y
      value: 0
      objectReference: {fileID: 0}
    - target: {fileID: 9171857050027329563, guid: 108d2c62915e2424c8122ed398221164,
        type: 3}
      propertyPath: m_LocalPosition.z
      value: 0
      objectReference: {fileID: 0}
    - target: {fileID: 9171857050027329563, guid: 108d2c62915e2424c8122ed398221164,
        type: 3}
      propertyPath: m_LocalRotation.x
      value: 0.3427769
      objectReference: {fileID: 0}
    - target: {fileID: 9171857050027329563, guid: 108d2c62915e2424c8122ed398221164,
        type: 3}
      propertyPath: m_LocalRotation.y
      value: -0.6184691
      objectReference: {fileID: 0}
    - target: {fileID: 9171857050027329563, guid: 108d2c62915e2424c8122ed398221164,
        type: 3}
      propertyPath: m_LocalRotation.z
      value: -0.6184691
      objectReference: {fileID: 0}
    - target: {fileID: 9171857050027329563, guid: 108d2c62915e2424c8122ed398221164,
        type: 3}
      propertyPath: m_LocalRotation.w
      value: 0.3427769
      objectReference: {fileID: 0}
    - target: {fileID: 9171857050027329563, guid: 108d2c62915e2424c8122ed398221164,
        type: 3}
      propertyPath: m_RootOrder
      value: 10
      objectReference: {fileID: 0}
    - target: {fileID: 9171857050027329563, guid: 108d2c62915e2424c8122ed398221164,
        type: 3}
      propertyPath: m_LocalEulerAnglesHint.x
      value: -32.007
      objectReference: {fileID: 0}
    - target: {fileID: 9171857050027329563, guid: 108d2c62915e2424c8122ed398221164,
        type: 3}
      propertyPath: m_LocalEulerAnglesHint.y
      value: -90.00001
      objectReference: {fileID: 0}
    - target: {fileID: 9171857050027329563, guid: 108d2c62915e2424c8122ed398221164,
        type: 3}
      propertyPath: m_LocalEulerAnglesHint.z
      value: -90.00001
      objectReference: {fileID: 0}
    m_RemovedComponents: []
  m_SourcePrefab: {fileID: 100100000, guid: 108d2c62915e2424c8122ed398221164, type: 3}
--- !u!4 &4102046209435979769 stripped
Transform:
  m_CorrespondingSourceObject: {fileID: 9171857050027329563, guid: 108d2c62915e2424c8122ed398221164,
    type: 3}
  m_PrefabInstance: {fileID: 5162706473760966626}
  m_PrefabAsset: {fileID: 0}
--- !u!1001 &5297510337838397011
PrefabInstance:
  m_ObjectHideFlags: 0
  serializedVersion: 2
  m_Modification:
    m_TransformParent: {fileID: 9049932349647404745}
    m_Modifications:
    - target: {fileID: 3752439740918323469, guid: d9d1297b44156cb4b80effd0050d86dc,
        type: 3}
      propertyPath: m_Name
      value: Bordes
      objectReference: {fileID: 0}
    - target: {fileID: 3752439740918323468, guid: d9d1297b44156cb4b80effd0050d86dc,
        type: 3}
      propertyPath: m_LocalPosition.x
      value: 0
      objectReference: {fileID: 0}
    - target: {fileID: 3752439740918323468, guid: d9d1297b44156cb4b80effd0050d86dc,
        type: 3}
      propertyPath: m_LocalPosition.y
      value: 0
      objectReference: {fileID: 0}
    - target: {fileID: 3752439740918323468, guid: d9d1297b44156cb4b80effd0050d86dc,
        type: 3}
      propertyPath: m_LocalPosition.z
      value: 0
      objectReference: {fileID: 0}
    - target: {fileID: 3752439740918323468, guid: d9d1297b44156cb4b80effd0050d86dc,
        type: 3}
      propertyPath: m_LocalRotation.x
      value: -0
      objectReference: {fileID: 0}
    - target: {fileID: 3752439740918323468, guid: d9d1297b44156cb4b80effd0050d86dc,
        type: 3}
      propertyPath: m_LocalRotation.y
      value: -0
      objectReference: {fileID: 0}
    - target: {fileID: 3752439740918323468, guid: d9d1297b44156cb4b80effd0050d86dc,
        type: 3}
      propertyPath: m_LocalRotation.z
      value: -0
      objectReference: {fileID: 0}
    - target: {fileID: 3752439740918323468, guid: d9d1297b44156cb4b80effd0050d86dc,
        type: 3}
      propertyPath: m_LocalRotation.w
      value: 1
      objectReference: {fileID: 0}
    - target: {fileID: 3752439740918323468, guid: d9d1297b44156cb4b80effd0050d86dc,
        type: 3}
      propertyPath: m_RootOrder
      value: 4
      objectReference: {fileID: 0}
    - target: {fileID: 3752439740918323468, guid: d9d1297b44156cb4b80effd0050d86dc,
        type: 3}
      propertyPath: m_LocalEulerAnglesHint.x
      value: 0
      objectReference: {fileID: 0}
    - target: {fileID: 3752439740918323468, guid: d9d1297b44156cb4b80effd0050d86dc,
        type: 3}
      propertyPath: m_LocalEulerAnglesHint.y
      value: 0
      objectReference: {fileID: 0}
    - target: {fileID: 3752439740918323468, guid: d9d1297b44156cb4b80effd0050d86dc,
        type: 3}
      propertyPath: m_LocalEulerAnglesHint.z
      value: 0
      objectReference: {fileID: 0}
    m_RemovedComponents: []
  m_SourcePrefab: {fileID: 100100000, guid: d9d1297b44156cb4b80effd0050d86dc, type: 3}
--- !u!4 &9049932348047486815 stripped
Transform:
  m_CorrespondingSourceObject: {fileID: 3752439740918323468, guid: d9d1297b44156cb4b80effd0050d86dc,
    type: 3}
  m_PrefabInstance: {fileID: 5297510337838397011}
  m_PrefabAsset: {fileID: 0}
--- !u!1001 &6243633979360120758
PrefabInstance:
  m_ObjectHideFlags: 0
  serializedVersion: 2
  m_Modification:
    m_TransformParent: {fileID: 9049932349647404745}
    m_Modifications:
    - target: {fileID: 6346667631123754545, guid: e994e481ac172064a831efc134da94e9,
        type: 3}
      propertyPath: m_Name
      value: MarioCaptainCapThrow
      objectReference: {fileID: 0}
    - target: {fileID: 7946809682835741730, guid: e994e481ac172064a831efc134da94e9,
        type: 3}
      propertyPath: m_LocalPosition.x
      value: 0.0321
      objectReference: {fileID: 0}
    - target: {fileID: 7946809682835741730, guid: e994e481ac172064a831efc134da94e9,
        type: 3}
      propertyPath: m_LocalPosition.y
      value: 0.0042
      objectReference: {fileID: 0}
    - target: {fileID: 7946809682835741730, guid: e994e481ac172064a831efc134da94e9,
        type: 3}
      propertyPath: m_LocalPosition.z
      value: -0.0852
      objectReference: {fileID: 0}
    - target: {fileID: 7946809682835741730, guid: e994e481ac172064a831efc134da94e9,
        type: 3}
      propertyPath: m_LocalRotation.x
      value: -0.73115504
      objectReference: {fileID: 0}
    - target: {fileID: 7946809682835741730, guid: e994e481ac172064a831efc134da94e9,
        type: 3}
      propertyPath: m_LocalRotation.y
      value: -0.09845244
      objectReference: {fileID: 0}
    - target: {fileID: 7946809682835741730, guid: e994e481ac172064a831efc134da94e9,
        type: 3}
      propertyPath: m_LocalRotation.z
      value: 0.13416459
      objectReference: {fileID: 0}
    - target: {fileID: 7946809682835741730, guid: e994e481ac172064a831efc134da94e9,
        type: 3}
      propertyPath: m_LocalRotation.w
      value: 0.6616036
      objectReference: {fileID: 0}
    - target: {fileID: 7946809682835741730, guid: e994e481ac172064a831efc134da94e9,
        type: 3}
      propertyPath: m_RootOrder
      value: 3
      objectReference: {fileID: 0}
    - target: {fileID: 7946809682835741730, guid: e994e481ac172064a831efc134da94e9,
        type: 3}
      propertyPath: m_LocalEulerAnglesHint.x
      value: -70.229004
      objectReference: {fileID: 0}
    - target: {fileID: 7946809682835741730, guid: e994e481ac172064a831efc134da94e9,
        type: 3}
      propertyPath: m_LocalEulerAnglesHint.y
      value: 254.82199
      objectReference: {fileID: 0}
    - target: {fileID: 7946809682835741730, guid: e994e481ac172064a831efc134da94e9,
        type: 3}
      propertyPath: m_LocalEulerAnglesHint.z
      value: -251.885
      objectReference: {fileID: 0}
    m_RemovedComponents: []
  m_SourcePrefab: {fileID: 100100000, guid: e994e481ac172064a831efc134da94e9, type: 3}
--- !u!4 &4102046209816826772 stripped
Transform:
  m_CorrespondingSourceObject: {fileID: 7946809682835741730, guid: e994e481ac172064a831efc134da94e9,
    type: 3}
  m_PrefabInstance: {fileID: 6243633979360120758}
  m_PrefabAsset: {fileID: 0}
--- !u!1001 &7109901463306427652
PrefabInstance:
  m_ObjectHideFlags: 0
  serializedVersion: 2
  m_Modification:
    m_TransformParent: {fileID: 9049932349647404745}
    m_Modifications:
    - target: {fileID: 4536514126416425547, guid: d9b73639c30fde44880beae4d2dd0868,
        type: 3}
      propertyPath: m_Name
      value: Goombette
      objectReference: {fileID: 0}
    - target: {fileID: 625919358274715736, guid: d9b73639c30fde44880beae4d2dd0868,
        type: 3}
      propertyPath: m_LocalPosition.x
      value: -0.039
      objectReference: {fileID: 0}
    - target: {fileID: 625919358274715736, guid: d9b73639c30fde44880beae4d2dd0868,
        type: 3}
      propertyPath: m_LocalPosition.y
      value: 0.042
      objectReference: {fileID: 0}
    - target: {fileID: 625919358274715736, guid: d9b73639c30fde44880beae4d2dd0868,
        type: 3}
      propertyPath: m_LocalPosition.z
      value: 0.0283
      objectReference: {fileID: 0}
    - target: {fileID: 625919358274715736, guid: d9b73639c30fde44880beae4d2dd0868,
        type: 3}
      propertyPath: m_LocalRotation.x
      value: -0
      objectReference: {fileID: 0}
    - target: {fileID: 625919358274715736, guid: d9b73639c30fde44880beae4d2dd0868,
        type: 3}
      propertyPath: m_LocalRotation.y
      value: 0.827385
      objectReference: {fileID: 0}
    - target: {fileID: 625919358274715736, guid: d9b73639c30fde44880beae4d2dd0868,
        type: 3}
      propertyPath: m_LocalRotation.z
      value: -0
      objectReference: {fileID: 0}
    - target: {fileID: 625919358274715736, guid: d9b73639c30fde44880beae4d2dd0868,
        type: 3}
      propertyPath: m_LocalRotation.w
      value: 0.56163526
      objectReference: {fileID: 0}
    - target: {fileID: 625919358274715736, guid: d9b73639c30fde44880beae4d2dd0868,
        type: 3}
      propertyPath: m_RootOrder
      value: 7
      objectReference: {fileID: 0}
    - target: {fileID: 625919358274715736, guid: d9b73639c30fde44880beae4d2dd0868,
        type: 3}
      propertyPath: m_LocalEulerAnglesHint.x
      value: 0
      objectReference: {fileID: 0}
    - target: {fileID: 625919358274715736, guid: d9b73639c30fde44880beae4d2dd0868,
        type: 3}
      propertyPath: m_LocalEulerAnglesHint.y
      value: 111.662
      objectReference: {fileID: 0}
    - target: {fileID: 625919358274715736, guid: d9b73639c30fde44880beae4d2dd0868,
        type: 3}
      propertyPath: m_LocalEulerAnglesHint.z
      value: 0
      objectReference: {fileID: 0}
    m_RemovedComponents: []
  m_SourcePrefab: {fileID: 100100000, guid: d9b73639c30fde44880beae4d2dd0868, type: 3}
--- !u!4 &7639450637451238748 stripped
Transform:
  m_CorrespondingSourceObject: {fileID: 625919358274715736, guid: d9b73639c30fde44880beae4d2dd0868,
    type: 3}
  m_PrefabInstance: {fileID: 7109901463306427652}
  m_PrefabAsset: {fileID: 0}
--- !u!1001 &7230993783712890925
PrefabInstance:
  m_ObjectHideFlags: 0
  serializedVersion: 2
  m_Modification:
    m_TransformParent: {fileID: 9049932349647404745}
    m_Modifications:
    - target: {fileID: 1859554595189471458, guid: 42190a460a125a94aa38f767f288ec9d,
        type: 3}
      propertyPath: m_Name
      value: ReproductorVideo
      objectReference: {fileID: 0}
    - target: {fileID: 1859554595189471457, guid: 42190a460a125a94aa38f767f288ec9d,
        type: 3}
      propertyPath: m_LocalPosition.x
      value: 0
      objectReference: {fileID: 0}
    - target: {fileID: 1859554595189471457, guid: 42190a460a125a94aa38f767f288ec9d,
        type: 3}
      propertyPath: m_LocalPosition.y
      value: -0.044
      objectReference: {fileID: 0}
    - target: {fileID: 1859554595189471457, guid: 42190a460a125a94aa38f767f288ec9d,
        type: 3}
      propertyPath: m_LocalPosition.z
      value: 0.0305
      objectReference: {fileID: 0}
    - target: {fileID: 1859554595189471457, guid: 42190a460a125a94aa38f767f288ec9d,
        type: 3}
      propertyPath: m_LocalRotation.x
      value: 1
      objectReference: {fileID: 0}
    - target: {fileID: 1859554595189471457, guid: 42190a460a125a94aa38f767f288ec9d,
        type: 3}
      propertyPath: m_LocalRotation.y
      value: 0
      objectReference: {fileID: 0}
    - target: {fileID: 1859554595189471457, guid: 42190a460a125a94aa38f767f288ec9d,
        type: 3}
      propertyPath: m_LocalRotation.z
      value: 0
      objectReference: {fileID: 0}
    - target: {fileID: 1859554595189471457, guid: 42190a460a125a94aa38f767f288ec9d,
        type: 3}
      propertyPath: m_LocalRotation.w
      value: 0
      objectReference: {fileID: 0}
    - target: {fileID: 1859554595189471457, guid: 42190a460a125a94aa38f767f288ec9d,
        type: 3}
      propertyPath: m_RootOrder
      value: 12
      objectReference: {fileID: 0}
    - target: {fileID: 1859554595189471457, guid: 42190a460a125a94aa38f767f288ec9d,
        type: 3}
      propertyPath: m_LocalEulerAnglesHint.x
      value: 180
      objectReference: {fileID: 0}
    - target: {fileID: 1859554595189471457, guid: 42190a460a125a94aa38f767f288ec9d,
        type: 3}
      propertyPath: m_LocalEulerAnglesHint.y
      value: 0
      objectReference: {fileID: 0}
    - target: {fileID: 1859554595189471457, guid: 42190a460a125a94aa38f767f288ec9d,
        type: 3}
      propertyPath: m_LocalEulerAnglesHint.z
      value: 0
      objectReference: {fileID: 0}
    m_RemovedComponents: []
  m_SourcePrefab: {fileID: 100100000, guid: 42190a460a125a94aa38f767f288ec9d, type: 3}
--- !u!4 &9049932348169484492 stripped
Transform:
  m_CorrespondingSourceObject: {fileID: 1859554595189471457, guid: 42190a460a125a94aa38f767f288ec9d,
    type: 3}
  m_PrefabInstance: {fileID: 7230993783712890925}
  m_PrefabAsset: {fileID: 0}
--- !u!328 &9049932348169484493 stripped
VideoPlayer:
  m_CorrespondingSourceObject: {fileID: 1859554595189471456, guid: 42190a460a125a94aa38f767f288ec9d,
    type: 3}
  m_PrefabInstance: {fileID: 7230993783712890925}
  m_PrefabAsset: {fileID: 0}
--- !u!1001 &7865841642454872446
PrefabInstance:
  m_ObjectHideFlags: 0
  serializedVersion: 2
  m_Modification:
    m_TransformParent: {fileID: 9049932349647404745}
    m_Modifications:
    - target: {fileID: 888488151659996902, guid: cf6accfc43692a34982cf052d103d2a2,
        type: 3}
      propertyPath: m_Name
      value: Big Chain Chomp
      objectReference: {fileID: 0}
    - target: {fileID: 4183794149884990709, guid: cf6accfc43692a34982cf052d103d2a2,
        type: 3}
      propertyPath: m_LocalPosition.x
      value: 0.1795
      objectReference: {fileID: 0}
    - target: {fileID: 4183794149884990709, guid: cf6accfc43692a34982cf052d103d2a2,
        type: 3}
      propertyPath: m_LocalPosition.y
      value: 0
      objectReference: {fileID: 0}
    - target: {fileID: 4183794149884990709, guid: cf6accfc43692a34982cf052d103d2a2,
        type: 3}
      propertyPath: m_LocalPosition.z
      value: -0.002
      objectReference: {fileID: 0}
    - target: {fileID: 4183794149884990709, guid: cf6accfc43692a34982cf052d103d2a2,
        type: 3}
      propertyPath: m_LocalRotation.x
      value: 0.5
      objectReference: {fileID: 0}
    - target: {fileID: 4183794149884990709, guid: cf6accfc43692a34982cf052d103d2a2,
        type: 3}
      propertyPath: m_LocalRotation.y
      value: 0.5
      objectReference: {fileID: 0}
    - target: {fileID: 4183794149884990709, guid: cf6accfc43692a34982cf052d103d2a2,
        type: 3}
      propertyPath: m_LocalRotation.z
      value: 0.5
      objectReference: {fileID: 0}
    - target: {fileID: 4183794149884990709, guid: cf6accfc43692a34982cf052d103d2a2,
        type: 3}
      propertyPath: m_LocalRotation.w
      value: 0.5
      objectReference: {fileID: 0}
    - target: {fileID: 4183794149884990709, guid: cf6accfc43692a34982cf052d103d2a2,
        type: 3}
      propertyPath: m_RootOrder
      value: 6
      objectReference: {fileID: 0}
    - target: {fileID: 4183794149884990709, guid: cf6accfc43692a34982cf052d103d2a2,
        type: 3}
      propertyPath: m_LocalEulerAnglesHint.x
      value: 0
      objectReference: {fileID: 0}
    - target: {fileID: 4183794149884990709, guid: cf6accfc43692a34982cf052d103d2a2,
        type: 3}
      propertyPath: m_LocalEulerAnglesHint.y
      value: 90
      objectReference: {fileID: 0}
    - target: {fileID: 4183794149884990709, guid: cf6accfc43692a34982cf052d103d2a2,
        type: 3}
      propertyPath: m_LocalEulerAnglesHint.z
      value: 90
      objectReference: {fileID: 0}
    m_RemovedComponents: []
  m_SourcePrefab: {fileID: 100100000, guid: cf6accfc43692a34982cf052d103d2a2, type: 3}
--- !u!4 &6279926429413008779 stripped
Transform:
  m_CorrespondingSourceObject: {fileID: 4183794149884990709, guid: cf6accfc43692a34982cf052d103d2a2,
    type: 3}
  m_PrefabInstance: {fileID: 7865841642454872446}
  m_PrefabAsset: {fileID: 0}
--- !u!1001 &9049932349233783689
PrefabInstance:
  m_ObjectHideFlags: 0
  serializedVersion: 2
  m_Modification:
    m_TransformParent: {fileID: 9049932349647404745}
    m_Modifications:
    - target: {fileID: -927199367670048503, guid: 9b8e1d8e16a086c4195af1fee0710632,
        type: 3}
      propertyPath: m_Name
      value: Yoshi Egg
      objectReference: {fileID: 0}
    - target: {fileID: -4216859302048453862, guid: 9b8e1d8e16a086c4195af1fee0710632,
        type: 3}
      propertyPath: m_LocalPosition.x
      value: 0.0022
      objectReference: {fileID: 0}
    - target: {fileID: -4216859302048453862, guid: 9b8e1d8e16a086c4195af1fee0710632,
        type: 3}
      propertyPath: m_LocalPosition.y
      value: 0.0409
      objectReference: {fileID: 0}
    - target: {fileID: -4216859302048453862, guid: 9b8e1d8e16a086c4195af1fee0710632,
        type: 3}
      propertyPath: m_LocalPosition.z
      value: 0.0103
      objectReference: {fileID: 0}
    - target: {fileID: -4216859302048453862, guid: 9b8e1d8e16a086c4195af1fee0710632,
        type: 3}
      propertyPath: m_LocalRotation.x
      value: -0
      objectReference: {fileID: 0}
    - target: {fileID: -4216859302048453862, guid: 9b8e1d8e16a086c4195af1fee0710632,
        type: 3}
      propertyPath: m_LocalRotation.y
      value: -0
      objectReference: {fileID: 0}
    - target: {fileID: -4216859302048453862, guid: 9b8e1d8e16a086c4195af1fee0710632,
        type: 3}
      propertyPath: m_LocalRotation.z
      value: -0
      objectReference: {fileID: 0}
    - target: {fileID: -4216859302048453862, guid: 9b8e1d8e16a086c4195af1fee0710632,
        type: 3}
      propertyPath: m_LocalRotation.w
      value: 1
      objectReference: {fileID: 0}
    - target: {fileID: -4216859302048453862, guid: 9b8e1d8e16a086c4195af1fee0710632,
        type: 3}
      propertyPath: m_RootOrder
      value: 11
      objectReference: {fileID: 0}
    - target: {fileID: -4216859302048453862, guid: 9b8e1d8e16a086c4195af1fee0710632,
        type: 3}
      propertyPath: m_LocalEulerAnglesHint.x
      value: 0
      objectReference: {fileID: 0}
    - target: {fileID: -4216859302048453862, guid: 9b8e1d8e16a086c4195af1fee0710632,
        type: 3}
      propertyPath: m_LocalEulerAnglesHint.y
      value: 0
      objectReference: {fileID: 0}
    - target: {fileID: -4216859302048453862, guid: 9b8e1d8e16a086c4195af1fee0710632,
        type: 3}
      propertyPath: m_LocalEulerAnglesHint.z
      value: 0
      objectReference: {fileID: 0}
    m_RemovedComponents: []
  m_SourcePrefab: {fileID: 100100000, guid: 9b8e1d8e16a086c4195af1fee0710632, type: 3}
--- !u!4 &4102046210095630483 stripped
Transform:
  m_CorrespondingSourceObject: {fileID: -4216859302048453862, guid: 9b8e1d8e16a086c4195af1fee0710632,
    type: 3}
  m_PrefabInstance: {fileID: 9049932349233783689}
  m_PrefabAsset: {fileID: 0}
--- !u!1001 &9157502719621245280
PrefabInstance:
  m_ObjectHideFlags: 0
  serializedVersion: 2
  m_Modification:
    m_TransformParent: {fileID: 9049932349647404745}
    m_Modifications:
    - target: {fileID: 3488036135799176648, guid: 67620b0e4df344d4b8a909e59c76284f,
        type: 3}
      propertyPath: m_Name
      value: Paragoomba
      objectReference: {fileID: 0}
    - target: {fileID: 449418482176479195, guid: 67620b0e4df344d4b8a909e59c76284f,
        type: 3}
      propertyPath: m_LocalPosition.x
      value: 0.0456
      objectReference: {fileID: 0}
    - target: {fileID: 449418482176479195, guid: 67620b0e4df344d4b8a909e59c76284f,
        type: 3}
      propertyPath: m_LocalPosition.y
      value: 0.042
      objectReference: {fileID: 0}
    - target: {fileID: 449418482176479195, guid: 67620b0e4df344d4b8a909e59c76284f,
        type: 3}
      propertyPath: m_LocalPosition.z
      value: 0.0417
      objectReference: {fileID: 0}
    - target: {fileID: 449418482176479195, guid: 67620b0e4df344d4b8a909e59c76284f,
        type: 3}
      propertyPath: m_LocalRotation.x
      value: -0
      objectReference: {fileID: 0}
    - target: {fileID: 449418482176479195, guid: 67620b0e4df344d4b8a909e59c76284f,
        type: 3}
      propertyPath: m_LocalRotation.y
      value: -0.872251
      objectReference: {fileID: 0}
    - target: {fileID: 449418482176479195, guid: 67620b0e4df344d4b8a909e59c76284f,
        type: 3}
      propertyPath: m_LocalRotation.z
      value: -0
      objectReference: {fileID: 0}
    - target: {fileID: 449418482176479195, guid: 67620b0e4df344d4b8a909e59c76284f,
        type: 3}
      propertyPath: m_LocalRotation.w
      value: 0.48905846
      objectReference: {fileID: 0}
    - target: {fileID: 449418482176479195, guid: 67620b0e4df344d4b8a909e59c76284f,
        type: 3}
      propertyPath: m_RootOrder
      value: 9
      objectReference: {fileID: 0}
    - target: {fileID: 449418482176479195, guid: 67620b0e4df344d4b8a909e59c76284f,
        type: 3}
      propertyPath: m_LocalEulerAnglesHint.x
      value: 0
      objectReference: {fileID: 0}
    - target: {fileID: 449418482176479195, guid: 67620b0e4df344d4b8a909e59c76284f,
        type: 3}
      propertyPath: m_LocalEulerAnglesHint.y
      value: -121.44301
      objectReference: {fileID: 0}
    - target: {fileID: 449418482176479195, guid: 67620b0e4df344d4b8a909e59c76284f,
        type: 3}
      propertyPath: m_LocalEulerAnglesHint.z
      value: 0
      objectReference: {fileID: 0}
    m_RemovedComponents: []
  m_SourcePrefab: {fileID: 100100000, guid: 67620b0e4df344d4b8a909e59c76284f, type: 3}
--- !u!4 &8730610018097653435 stripped
Transform:
  m_CorrespondingSourceObject: {fileID: 449418482176479195, guid: 67620b0e4df344d4b8a909e59c76284f,
    type: 3}
  m_PrefabInstance: {fileID: 9157502719621245280}
  m_PrefabAsset: {fileID: 0}
